<record><leader>00000cas a2200000 a 4500</leader><controlfield tag="001">1480959</controlfield><controlfield tag="008">750727d19602000fluwr ne      0   b0fin c</controlfield><datafield ind1=" " ind2=" " tag="010"><subfield code="a">sn 83007892 </subfield></datafield><datafield ind1=" " ind2=" " tag="040"><subfield code="a">MUL</subfield><subfield code="b">eng</subfield><subfield code="c">MUL</subfield><subfield code="d">NSD</subfield><subfield code="d">DLC</subfield><subfield code="d">NSD</subfield><subfield code="d">DLC</subfield><subfield code="d">NSD</subfield><subfield code="d">MN#</subfield><subfield code="d">NSD</subfield><subfield code="d">DLC</subfield><subfield code="d">OCLCQ</subfield><subfield code="d">DLC</subfield><subfield code="d">OCLCF</subfield><subfield code="d">DLC</subfield></datafield><datafield ind1=" " ind2=" " tag="012"><subfield code="j">1</subfield><subfield code="k">1</subfield><subfield code="m">d</subfield></datafield><datafield ind1="0" ind2=" " tag="022"><subfield code="a">0745-9971</subfield><subfield code="l">0745-9971</subfield><subfield code="2">1</subfield></datafield><datafield ind1=" " ind2=" " tag="042"><subfield code="a">nsdp</subfield><subfield code="a">pcc</subfield></datafield><datafield ind1=" " ind2=" " tag="043"><subfield code="a">n-us-mn</subfield><subfield code="a">n-us---</subfield></datafield><datafield ind1="0" ind2="0" tag="050"><subfield code="a">Newspaper</subfield></datafield><datafield ind1=" " ind2=" " tag="052"><subfield code="a">4144</subfield><subfield code="b">N43</subfield></datafield><datafield ind1=" " ind2=" " tag="052"><subfield code="a">4143</subfield><subfield code="b">O6</subfield></datafield><datafield ind1="1" ind2="0" tag="082"><subfield code="a">058</subfield><subfield code="2">11</subfield></datafield><datafield ind1="0" ind2=" " tag="210"><subfield code="a">Am. uut.</subfield></datafield><datafield ind1=" " ind2="0" tag="222"><subfield code="a">Amerikan uutiset</subfield></datafield><datafield ind1="0" ind2="0" tag="245"><subfield code="a">Amerikan uutiset.</subfield></datafield><datafield ind1=" " ind2=" " tag="260"><subfield code="a">New York Mills, Minn. :</subfield><subfield code="b">Northwestern Pub. Co.,</subfield><subfield code="c">1960-2000.</subfield></datafield><datafield ind1=" " ind2=" " tag="300"><subfield code="a">v. :</subfield><subfield code="b">ill. ;</subfield><subfield code="c">58 cm.</subfield></datafield><datafield ind1=" " ind2=" " tag="310"><subfield code="a">Weekly,</subfield><subfield code="b">&lt;Apr. 4, 1985-&gt;</subfield></datafield><datafield ind1=" " ind2=" " tag="321"><subfield code="a">Triweekly,</subfield><subfield code="b">Aug. 16, 1960-Jan. 7, 1961</subfield></datafield><datafield ind1=" " ind2=" " tag="321"><subfield code="a">Semiweekly,</subfield><subfield code="b">Jan. 10, 1961-Jan. 18, 1980</subfield></datafield><datafield ind1=" " ind2=" " tag="321"><subfield code="a">Weekly,</subfield><subfield code="b">Jan. 25, 1980-May 20, 1983</subfield></datafield><datafield ind1=" " ind2=" " tag="321"><subfield code="a">Weekly (except first 2 weeks in Aug.),</subfield><subfield code="b">May 27, 1983-&lt;Sept. 28, 1984&gt;</subfield></datafield><datafield ind1="0" ind2=" " tag="362"><subfield code="a">Vol. 29, no. 96 (Aug. 16, 1960)-v. 69, no. 24 (June 15, 2000).</subfield></datafield><datafield ind1=" " ind2=" " tag="500"><subfield code="a">Imprint varies: Lantana, FL : American Uutiset, Inc., &lt;Apr. 4, 1985-&gt;</subfield></datafield><datafield ind1=" " ind2=" " tag="546"><subfield code="a">In Finnish.</subfield></datafield><datafield ind1=" " ind2=" " tag="530"><subfield code="a">Available on microfilm from the Minnesota Historical Society, and the Library of Congress Photoduplication Service.</subfield></datafield><datafield ind1=" " ind2="0" tag="650"><subfield code="a">Finns</subfield><subfield code="z">United States</subfield><subfield code="v">Newspapers.</subfield></datafield><datafield ind1=" " ind2="0" tag="651"><subfield code="a">Lantana (Fla.)</subfield><subfield code="v">Newspapers.</subfield></datafield><datafield ind1=" " ind2="0" tag="651"><subfield code="a">New York Mills (Minn.)</subfield><subfield code="v">Newspapers.</subfield></datafield><datafield ind1=" " ind2="7" tag="650"><subfield code="a">Finns.</subfield><subfield code="2">fast</subfield><subfield code="0">(OCoLC)fst00925139</subfield></datafield><datafield ind1=" " ind2="7" tag="651"><subfield code="a">Florida</subfield><subfield code="z">Lantana.</subfield><subfield code="2">fast</subfield><subfield code="0">(OCoLC)fst01215352</subfield></datafield><datafield ind1=" " ind2="7" tag="651"><subfield code="a">Minnesota</subfield><subfield code="z">New York Mills.</subfield><subfield code="2">fast</subfield><subfield code="0">(OCoLC)fst01221979</subfield></datafield><datafield ind1=" " ind2="7" tag="651"><subfield code="a">United States.</subfield><subfield code="2">fast</subfield><subfield code="0">(OCoLC)fst01204155</subfield></datafield><datafield ind1=" " ind2="7" tag="655"><subfield code="a">Newspapers.</subfield><subfield code="2">fast</subfield><subfield code="0">(OCoLC)fst01423814</subfield></datafield><datafield ind1=" " ind2=" " tag="752"><subfield code="a">United States</subfield><subfield code="b">Florida</subfield><subfield code="c">Palm Beach</subfield><subfield code="d">Lantana.</subfield></datafield><datafield ind1=" " ind2=" " tag="752"><subfield code="a">United States</subfield><subfield code="b">Minnesota</subfield><subfield code="c">Otter Tail</subfield><subfield code="d">New York Mills.</subfield></datafield><datafield ind1="0" ind2="0" tag="780"><subfield code="t">Minnesota uutiset</subfield><subfield code="w">(DLC)sn 83016841</subfield><subfield code="w">(OCoLC)1714455</subfield></datafield><datafield ind1="0" ind2="5" tag="780"><subfield code="t">New Yorkin uutiset</subfield><subfield code="x">0895-5549</subfield><subfield code="w">(DLC)sn 83045121</subfield><subfield code="w">(OCoLC)9335208</subfield></datafield><datafield ind1="0" ind2="0" tag="785"><subfield code="t">Finnish update</subfield><subfield code="x">1531-0477</subfield><subfield code="w">(DLC)   00215601</subfield><subfield code="w">(OCoLC)44619758</subfield></datafield><datafield ind1="1" ind2=" " tag="029"><subfield code="a">AU@</subfield><subfield code="b">000020290100</subfield></datafield></record>